<record><leader>00000cas a22000007a 4500</leader><controlfield tag="001">19817520</controlfield><controlfield tag="008">890605d1868187umouwr ne      0    0eng d</controlfield><datafield ind1=" " ind2=" " tag="010"><subfield code="a">sn 89066168 </subfield></datafield><datafield ind1=" " ind2=" " tag="040"><subfield code="a">MQN</subfield><subfield code="b">eng</subfield><subfield code="c">MQN</subfield><subfield code="d">OCLCQ</subfield></datafield><datafield ind1=" " ind2=" " tag="042"><subfield code="a">msc</subfield></datafield><datafield ind1="0" ind2=" " tag="130"><subfield code="a">Democratic banner (Fayette, Mo.)</subfield></datafield><datafield ind1="1" ind2="0" tag="245"><subfield code="a">Democratic banner.</subfield></datafield><datafield ind1=" " ind2=" " tag="260"><subfield code="a">Fayette, Mo. :</subfield><subfield code="b">J.H. Robertson</subfield></datafield><datafield ind1=" " ind2=" " tag="300"><subfield code="a">v.</subfield></datafield><datafield ind1=" " ind2=" " tag="310"><subfield code="a">Weekly</subfield></datafield><datafield ind1="1" ind2=" " tag="362"><subfield code="a">Began in 1868.</subfield></datafield><datafield ind1=" " ind2=" " tag="588"><subfield code="a">Description based on: Vol. 2, no. 34 (Apr. 9, 1870).</subfield></datafield><datafield ind1=" " ind2="4" tag="651"><subfield code="a">Fayette (Mo.)</subfield><subfield code="v">Newspapers.</subfield></datafield><datafield ind1=" " ind2=" " tag="752"><subfield code="a">United States</subfield><subfield code="b">Missouri</subfield><subfield code="c">Howard</subfield><subfield code="d">Fayette.</subfield></datafield><datafield ind1="0" ind2="0" tag="785"><subfield code="t">Fayette Democratic banner</subfield><subfield code="w">(DLC)sn 85033904</subfield></datafield><datafield ind1="1" ind2=" " tag="029"><subfield code="a">AU@</subfield><subfield code="b">000020618113</subfield></datafield></record>